<?xml version="1.0" encoding="UTF-8"?><collection xmlns="http://www.loc.gov/MARC21/slim"><record><leader>00384nam--2200133-i-4500</leader><controlfield tag="001">000049460</controlfield><controlfield tag="002">20161230</controlfield><controlfield tag="005">20161230201047</controlfield><controlfield tag="008">060222s1000------------r-----000-0-eng-d</controlfield><datafield ind1=" " ind2=" " tag="080"><subfield code="a">543.062:518.12</subfield></datafield><datafield ind1=" " ind2=" " tag="100"><subfield code="a">Alekseev,R.I.,Korovin,Iu.I</subfield></datafield><datafield ind1=" " ind2=" " tag="245"><subfield code="a">Rukovodstvo po vychisleniiu i obrabotke rezultatov kolichestvennogo analiza</subfield></datafield><datafield ind1=" " ind2=" " tag="260"><subfield code="a">Moskva, Aktomizdat, 1972. 71 S</subfield></datafield><datafield ind1=" " ind2=" " tag="852"><subfield code="a">38423</subfield></datafield></record></collection>